
<record>
  <controlfield tag="001">485607</controlfield>
  <datafield tag="035" ind1=" " ind2=" ">
    <subfield code="a">Akhmetshin:1998qh</subfield>
    <subfield code="9">SPIRESTeX</subfield>
  </datafield>
  <datafield tag="245" ind1=" " ind2=" ">
    <subfield code="a">Investigation of the rare Phi radiative decays with the CMD-2 detector at VEPP-2M collider</subfield>
  </datafield>
</record>